@book{latex,
  title = {LaTeX : A Documentation Preparation System User's Guide and Reference Manual},
  publisher = {Addison-Wesley Professional},
  year = {1994},
  author = {Leslie Lamport}
}

@book{nielson,
  title = {Semantics with Applications: An Appetizer},
  publisher = {Springer},
  year = {2007},
  author = {Hanne Riis Nielson and Flemming Nielson}
}

@book{tennent,
  title = {Semantics of Programming Languages},
  publisher = {Prentice Hall International},
  series = {Series in Computer Science},
  year = {1991},
  author = {R. D. Tennent}
}

@book{nipkow,
  title = {Concrete Semantics with Isabelle/HOL},
  publisher = {Springer},
  year = {2014},
  author = {Tobias Nipkow and Gerwin Klein}
}
